<?xml version="1.0" encoding="UTF-8"?><collection xmlns="http://www.loc.gov/MARC21/slim"><record><leader>00330nam--2200121-i-4500</leader><controlfield tag="001">000017033</controlfield><controlfield tag="002">20161230</controlfield><controlfield tag="005">20161230201032</controlfield><controlfield tag="008">060222s1000------------r-----000-0-eng-d</controlfield><datafield ind1=" " ind2=" " tag="080"><subfield code="a">621.394/395</subfield></datafield><datafield ind1=" " ind2=" " tag="245"><subfield code="a">Contributiile lui augustin maior la telefonia multipla</subfield></datafield><datafield ind1=" " ind2=" " tag="260"><subfield code="a">Bucursti, Editura Academiei Rsr, 1980 168 P</subfield></datafield><datafield ind1=" " ind2=" " tag="852"><subfield code="a">79718</subfield></datafield></record></collection>